<?xml version="1.0" encoding="UTF-8"?><collection xmlns="http://www.loc.gov/MARC21/slim"><record><leader>00414nam--2200169-u-4500</leader><controlfield tag="001">000052068</controlfield><controlfield tag="002">20161230</controlfield><controlfield tag="005">20161230201049</controlfield><controlfield tag="008">090615s1000------------r-----000-0-eng-d</controlfield><datafield ind1=" " ind2=" " tag="040"><subfield code="a">IFIN-HH</subfield></datafield><datafield ind1=" " ind2=" " tag="080"><subfield code="a">518.12</subfield></datafield><datafield ind1="1" ind2=" " tag="100"><subfield code="a">Kantorovich,L.V. si Krylov,V.I</subfield></datafield><datafield ind1="1" ind2=" " tag="245"><subfield code="a">Priblizhennye Metody Vysshego Analiza</subfield></datafield><datafield ind1=" " ind2=" " tag="260"><subfield code="a">Moskva</subfield><subfield code="c">1949</subfield></datafield><datafield ind1=" " ind2=" " tag="300"><subfield code="a">695 p</subfield></datafield><datafield ind1=" " ind2=" " tag="852"><subfield code="a">2131</subfield><subfield code="c">517.9</subfield></datafield><datafield ind1=" " ind2=" " tag="CAT"><subfield code="a">Sys</subfield><subfield code="c">20090615</subfield><subfield code="h">072529</subfield></datafield></record></collection>